@article{adaptive_method_image_compression,
    title = {Адаптивный способ сжатия изображений},
    author = {Белов~А.~С.},
    year = {2013},
    journal = {T-Comm. №9},
    url = {https://cyberleninka.ru/article/n/adaptivnyy-sposob-szhatiya-izobrazheniy},
    urldate = {2023-10-29},
}

@article{troubles-rating-while-compressing,
    title = {Оценка проблем при архивации изображений с потерями},
    author = {Петрянин~Д.~Л. and Ассонова~М.~Л. and Белов~А.~Г.},
    year = {2014},
    journal = {Новые информационные технологии в автоматизированных системах. №917},
    url = {https://cyberleninka.ru/article/n/otsenka-problem-pri-arhivatsii-izobrazheniy-s-poteryami},
    urldate = {2023-10-29},
}

@article{text-compression,
    author = {Bell, Timothy and Witten, Ian and Cleary, John},
    doi = {10.1145/76894.76896},
    journal = {ACM Comput. Surv.},
    month = {12},
    pages = {557-591},
    title = {Modeling for Text Compression.},
    volume = {21},
    year = {1989},
    bdsk-url-1 = {https://doi.org/10.1145/76894.76896},
}

@book{sayood2002lossless,
    title={Lossless Compression Handbook},
    author={Sayood, K.},
    isbn={9780080510491},
    lccn={2002104270},
    series={Communications, Networking and Multimedia},
    url={https://books.google.ru/books?id=LjQiGwyabVwC},
    year={2002},
    publisher={Elsevier Science}
}
